@article{Magdziarz2020,
author = "Magdziarz, Tomasz and Mitusińska, Karolina and Bzówka, Maria and Raczyńska, Agata and Stańczak, Agnieszka and Banas, Michał and Bagrowska, Weronika and Góra, Artur",
title = {AQUA-DUCT 1.0: structural and functional analysis of macromolecules from an intramolecular voids perspective},
journal = "Bioinformatics",
volume = "36",
number = "8",
pages = "2599--2601",
year = "2020",
doi = "10.1093/bioinformatics/btz946",
}

@article{Mitusinska2020,
author = "Mitusińska, Karolina and Raczyńska, Agata and Bzówka, Maria and Bagrowska, Weronika and Góra, Artur",
title = {Applications of water molecules for analysis of macromolecule properties},
journal = "Computational and Structural Biotechnology Journal",
volume = "18",
pages = "355--365",
year = "2020",
doi = "10.1016/j.csbj.2020.02.001",
keywords = {Macromolecule structure,Transportation,Tunnel detection,Water molecules,Water placement,Water sites},
}

@article{Rao2017,
author = "Rao, Shanlin and Klesse, Gianni and Stansfeld, Phillip J. and Tucker, Stephen J. and Sansom, Mark S.P.",
title = {A BEST example of channel structure annotation by molecular simulation},
journal = "Channels",
volume = "11",
number = "4",
pages = "347--353",
year = "2017",
doi = "10.1080/19336950.2017.1306163",
keywords = {free energy,hydrophobic gating,molecular dynamics,water},
}

@article{Delano2002,
author = "Delano, Warren L",
journal = "Ccp4 Newslett Protein Crystallogr",
number = "11",
title = {PyMOL: An Open-Source Molecular Graphics Tool},
volume = "40",
year = "2002"
}

@article{Brezovsky2016,
author = "Brezovsky, Jan and Babkova, Petra and Degtjarik, Oksana and Fortova, Andrea and Gora, Artur and Iermak, Iuliia and Rezacova, Pavlina and Dvorak, Pavel and Smatanova, Ivana Kuta and Prokop, Zbynek and Chaloupkova, Radka and Damborsky, Jiri",
doi = "10.1021/acscatal.6b02081",
issn = "2155-5435",
journal = "ACS Catalysis",
month = "nov",
number = "11",
pages = "7597--7610",
title = {Engineering a de Novo Transport Tunnel},
url = "https://pubs.acs.org/doi/10.1021/acscatal.6b02081",
volume = "6",
year = "2016"
}

@article{Mitusinska2018,
author = "Mitusi{\'{n}}ska, Karolina and Magdziarz, Tomasz and Bz{\'{o}}wka, Maria and Sta{\'{n}}czak, Agnieszka and Gora, Artur",
doi = "10.3390/biom8040143",
issn = "2218-273X",
journal = "Biomolecules",
month = "nov",
number = "4",
pages = "143",
title = {Exploring Solanum tuberosum Epoxide Hydrolase Internal Architecture by Water Molecules Tracking},
url = "http://www.mdpi.com/2218-273X/8/4/143",
volume = "8",
year = "2018"
}

@article{Gora2013,
author = "Gora, Artur and Brezovsky, Jan and Damborsky, Jiri",
doi = "10.1021/cr300384w",
issn = "0009-2665",
journal = "Chemical Reviews",
month = "aug",
number = "8",
pages = "5871--5923",
title = {Gates of Enzymes},
url = "https://pubs.acs.org/doi/10.1021/cr300384w",
volume = "113",
year = "2013"
}

@article{Kress2018,
author = "Kre{\ss}, Nico and Halder, Julia M. and Rapp, Lea R. and Hauer, Bernhard",
doi = "10.1016/j.cbpa.2018.09.010",
issn = "13675931",
journal = "Current Opinion in Chemical Biology",
month = "dec",
pages = "109--116",
pmid = "30292890",
title = {Unlocked potential of dynamic elements in protein structures: channels and loops},
url = "https://linkinghub.elsevier.com/retrieve/pii/S1367593118300395",
volume = "47",
year = "2018"
}

@article{Mondal2017,
author = "Mondal, Sayantan and Mukherjee, Saumyak and Bagchi, Biman",
doi = "10.1016/j.cplett.2017.05.001",
issn = "00092614",
journal = "Chemical Physics Letters",
keywords = "Anti-correlation,Conformational fluctuation,Energy decomposition,Protein hydration layer,Solvation dynamics",
month = "sep",
pages = "29--37",
title = {Decomposition of total solvation energy into core, side-chains and water contributions: Role of cross correlations and protein conformational fluctuations in dynamics of hydration layer},
url = "https://linkinghub.elsevier.com/retrieve/pii/S000926141730430X",
volume = "683",
year = "2017"
}

@article{Spyrakis2017,
author = "Spyrakis, Francesca and Ahmed, Mostafa H. and Bayden, Alexander S. and Cozzini, Pietro and Mozzarelli, Andrea and Kellogg, Glen E.",
doi = "10.1021/acs.jmedchem.7b00057",
issn = "0022-2623",
journal = "Journal of Medicinal Chemistry",
month = "aug",
number = "16",
pages = "6781--6827",
pmid = "28475332",
title = {The Roles of Water in the Protein Matrix: A Largely Untapped Resource for Drug Discovery},
url = "https://pubs.acs.org/doi/10.1021/acs.jmedchem.7b00057",
volume = "60",
year = "2017"
}

@article{Stank2016,
author = "Stank, Antonia and Kokh, Daria B. and Fuller, Jonathan C. and Wade, Rebecca C.",
doi = "10.1021/acs.accounts.5b00516",
issn = "15204898",
journal = "Accounts of Chemical Research",
pmid = "27110726",
title = {Protein Binding Pocket Dynamics},
year = "2016"
}

@article{Kingsley2015,
author = "Kingsley, Laura J. and Lill, Markus A.",
doi = "10.1002/prot.24772",
issn = "08873585",
journal = "Proteins: Structure, Function, and Bioinformatics",
keywords = "Buried active site,CAVER,IterTunnel,MOLE,Protein tunnels,REMD,Structure-function relationship",
month = "apr",
number = "4",
pages = "599--611",
pmid = "25663659",
title = {Substrate tunnels in enzymes: Structure-function relationships and computational methodology},
url = "http://doi.wiley.com/10.1002/prot.24772",
volume = "83",
year = "2015"
}

@incollection{Marques2016,
author = "Marques, S{\'{e}}rgio and Brezovsky, Jan and Damborsky, Jiri",
booktitle = "Understanding Enzymes",
doi = "10.1201/b19951-15",
month = "may",
pages = "421--463",
publisher = "Pan Stanford",
title = {Role of Tunnels and Gates in Enzymatic Catalysis},
url = "http://www.crcnetbase.com/doi/10.1201/b19951-15",
year = "2016"
}

@article{Kokkonen2019,
author = "Kokkonen, Piia and Bednar, David and Pinto, Gaspar and Prokop, Zbynek and Damborsky, Jiri",
doi = "10.1016/j.biotechadv.2019.04.008",
issn = "07349750",
journal = "Biotechnology Advances",
keywords = "Channel,Dynamics,Ligand binding,Pathway,Pore,Product release,Protein design,Protein engineering,Substrate entry,Tunnel",
month = "nov",
number = "6",
pages = "107386",
pmid = "31026496",
title = {Engineering enzyme access tunnels},
url = "https://linkinghub.elsevier.com/retrieve/pii/S0734975019300679",
volume = "37",
year = "2019"
}

@article{Kaushik2018,
author = "Kaushik, Shubhangi and Marques, S{\'{e}}rgio M. and Khirsariya, Prashant and Paruch, Kamil and Libichova, Lenka and Brezovsky, Jan and Prokop, Zbynek and Chaloupkova, Radka and Damborsky, Jiri",
doi = "10.1111/febs.14418",
issn = "1742-464X",
journal = "The FEBS Journal",
keywords = "de novo protein design,enzyme catalysis,enzyme tunnels engineering,haloalkane dehalogenases,protein engineering",
month = "apr",
number = "8",
pages = "1456--1476",
pmid = "29478278",
title = {Impact of the access tunnel engineering on catalysis is strictly ligand‐specific},
url = "https://onlinelibrary.wiley.com/doi/abs/10.1111/febs.14418",
volume = "285",
year = "2018"
}

@article{Michaud-Agrawal2011,
author = "Michaud-Agrawal, Naveen and Denning, Elizabeth J. and Woolf, Thomas B. and Beckstein, Oliver",
doi = "10.1002/jcc.21787",
issn = "01928651",
journal = "Journal of Computational Chemistry",
keywords = "Python programming language,analysis,membrane systems,molecular dynamics simulations,object-oriented design,proteins,software",
month = "jul",
number = "10",
pages = "2319--2327",
pmid = "21500218",
title = {MDAnalysis: A toolkit for the analysis of molecular dynamics simulations},
url = "http://doi.wiley.com/10.1002/jcc.21787",
volume = "32",
year = "2011"
}

@article{Bottaro2018,
author = "Bottaro, Sandro and Lindorff-Larsen, Kresten",
doi = "10.1126/science.aat4010",
issn = "0036-8075",
journal = "Science",
month = "jul",
number = "6400",
pages = "355--360",
pmid = "30049874",
title = {Biophysical experiments and biomolecular simulations: A perfect match?},
url = "https://www.sciencemag.org/lookup/doi/10.1126/science.aat4010",
volume = "361",
year = "2018"
}

@article{Huang2017,
author = "Huang, Jing and Rauscher, Sarah and Nawrocki, Grzegorz and Ran, Ting and Feig, Michael and de Groot, Bert L and Grubm{\"{u}}ller, Helmut and MacKerell, Alexander D.",
doi = "10.1038/nmeth.4067",
issn = "1548-7091",
journal = "Nature Methods",
month = "jan",
number = "1",
pages = "71--73",
pmid = "27819658",
title = {CHARMM36m: an improved force field for folded and intrinsically disordered proteins},
url = "http://www.nature.com/articles/nmeth.4067",
volume = "14",
year = "2017"
}

@article{Bernardi2015,
author = "Bernardi, Rafael C. and Melo, Marcelo C.R. and Schulten, Klaus",
doi = "10.1016/j.bbagen.2014.10.019",
issn = "03044165",
journal = "Biochimica et Biophysica Acta (BBA) - General Subjects",
keywords = "Cellulosome,Enhanced sampling,Generalized simulated annealing,Metadynamics,Molecular dynamics,Replica-exchange molecular dynamics",
month = "may",
number = "5",
pages = "872--877",
pmid = "25450171",
title = {Enhanced sampling techniques in molecular dynamics simulations of biological systems},
url = "https://linkinghub.elsevier.com/retrieve/pii/S0304416514003559",
volume = "1850",
year = "2015"
}

@article{Pravda2014,
author = "Pravda, Luk{\'{a}}{\v{s}} and Berka, Karel and {Svobodov{\'{a}} Vařekov{\'{a}}}, Radka and Sehnal, David and Ban{\'{a}}{\v{s}}, Pavel and Laskowski, Roman A. and Ko{\v{c}}a, Jaroslav and Otyepka, Michal",
doi = "10.1186/s12859-014-0379-x",
issn = "1471-2105",
journal = "BMC Bioinformatics",
month = "dec",
number = "1",
pages = "379",
pmid = "25403510",
title = {Anatomy of enzyme channels},
url = "http://bmcbioinformatics.biomedcentral.com/articles/10.1186/s12859-014-0379-x",
volume = "15",
year = "2014"
}

@article{Huang2016,
author = "Huang, Po-Ssu and Boyken, Scott E. and Baker, David",
doi = "10.1038/nature19946",
issn = "0028-0836",
journal = "Nature",
month = "sep",
number = "7620",
pages = "320--327",
pmid = "27629638",
title = {The coming of age of de novo protein design},
url = "http://www.nature.com/articles/nature19946",
volume = "537",
year = "2016"
}

@article{Husic2018,
author = "Husic, Brooke E. and Pande, Vijay S.",
doi = "10.1021/jacs.7b12191",
issn = "0002-7863",
journal = "Journal of the American Chemical Society",
month = "feb",
number = "7",
pages = "2386--2396",
pmid = "29323881",
title = {Markov State Models: From an Art to a Science},
url = "https://pubs.acs.org/doi/10.1021/jacs.7b12191",
volume = "140",
year = "2018"
}
